%---------------------------------------------------------- Bibliography


% ------------------- Optics books -------------------------

@book{hecht1998optics,
  title={Optics},
  author={Hecht, Eugene},
  publisher={Addison Wesley},
  year={1998},
  edition={4$^\circ$}}

@book{griffiths2013electrodynamics,
  title={Introduction to electrodynamics},
  author={Griffiths, David Jeffrey},
  year={2013},
  edition={4$^\circ$},
  publisher={Pearson}
}

@book{bohren_absorption_1983,
	edition = {1},
	series = {Wiley {Science} {Paperbak} {Series}},
	title = {Absorption and {Scattering} of {Light} by {Small} {Particles}},
	isbn = {0-471-029340-7},
	language = {English},
	publisher = {John Wiley \& Sons},
	author = {Bohren, Craig F and Huffman, Donald R},
	year = {1983}
}

@book{tsang_scattering_2000,
	address = {New York, USA},
	title = {Scattering of {Electromagnetic} {Waves}: {Theories} and {Applications}},
	isbn = {978-0-471-22428-0 978-0-471-38799-2},
	shorttitle = {Scattering of {Electromagnetic} {Waves}},
	url = {http://doi.wiley.com/10.1002/0471224286},
	language = {en},
	urldate = {2020-05-17},
	publisher = {John Wiley \& Sons, Inc.},
	author = {Tsang, Leung and Kong, Jin Au and Ding, Kung-Hau},
	month = jul,
	year = {2000},
	doi = {10.1002/0471224286}

@book{born_max_principle_1999,
  	address = {New York, USA},
  	edition = {7},
  	title = {Principle of {Optics}: {Electromagnetic} {Theory} of {Propagation}, {Intergerence} and {Diffraction} of {Light}},
  	isbn = {0-521-64222-1},
  	publisher = {Cambridge University Press},
  	author = {Born, Max, Emil, Wolf},
    year = {1999}
}

@book{jackson_classical_1999,
	address = {New York},
	edition = {3rd ed},
	title = {Classical electrodynamics},
	isbn = {978-0-471-30932-1},
	publisher = {Wiley},
	author = {Jackson, John David},
	year = {1999},
	keywords = {Electrodynamics}
}


@book{zangwill_modern_2013,
	address = {Cambridge},
	title = {Modern {E}lectrodynamics},
	isbn = {978-0-521-89697-9},
	publisher = {Cambridge University Press},
	author = {Zangwill, Andrew},
	year = {2013}
}


% ------------------- Optics books -------------------------


% ------------------- Optical Theorem -------------------------------
@article{pellarin_forward_2019,
	title = {Forward and {Backward} {Extinction} {Measurements} on a {Single} {Supported} {Nanoparticle}: {Implications} of the {Generalized} {Optical} {Theorem}},
	volume = {123},
	issn = {1932-7447, 1932-7455},
	shorttitle = {Forward and {Backward} {Extinction} {Measurements} on a {Single} {Supported} {Nanoparticle}},
	url = {https://pubs.acs.org/doi/10.1021/acs.jpcc.9b03245},
	doi = {10.1021/acs.jpcc.9b03245},
	number = {24},
	urldate = {2021-08-03},
	journal = {The Journal of Physical Chemistry C},
	author = {Pellarin, Michel and Bonnet, Christophe and Lerm√©, Jean and Perrier, Floriane and Laverdant, Julien and Lebeault, Marie-Ange and Hermelin, Sylvain and Hillenkamp, Matthias and Broyer, Michel and Cottancin, Emmanuel},
	month = jun,
	year = {2019},
	pages = {15217--15229}
}

@article{newton_optical_1976,
	title = {Optical theorem and beyond},
	volume = {44},
	issn = {0002-9505, 1943-2909},
	url = {http://aapt.scitation.org/doi/10.1119/1.10324},
	doi = {10.1119/1.10324},
	language = {en},
	number = {7},
	urldate = {2020-12-04},
	journal = {American Journal of Physics},
	author = {Newton, Roger G.},
	month = jul,
	year = {1976},
	pages = {639--642},
}


@article{krasavin_generalization_2018,
	title = {Generalization of the optical theorem: experimental proof for radially polarized beams},
	volume = {7},
	issn = {2047-7538},
	shorttitle = {Generalization of the optical theorem},
	url = {http://www.nature.com/articles/s41377-018-0025-x},
	doi = {10.1038/s41377-018-0025-x},
	language = {en},
	number = {1},
	urldate = {2021-01-30},
	journal = {Light: Science \& Applications},
	author = {Krasavin, Alexey V. and Segovia, Paulina and Dubrovka, Rostyslav and Olivier, Nicolas and Wurtz, Gregory A. and Ginzburg, Pavel and Zayats, Anatoly V.},
	month = dec,
	year = {2018},
	pages = {36}
}


% ------------------- Optical Theorem -------------------------------


% ------------------- Sensors -------------------------------

@article{moirangthem_enhanced_2012,
	title = {Enhanced localized plasmonic detections using partially-embedded gold nanoparticles and ellipsometric measurements},
	volume = {3},
	issn = {2156-7085, 2156-7085},
	url = {https://www.osapublishing.org/boe/abstract.cfm?uri=boe-3-5-899},
	doi = {10.1364/BOE.3.000899},
	number = {5},
	urldate = {2021-08-03},
	journal = {Biomedical Optics Express},
	author = {Moirangthem, Rakesh Singh and Yaseen, Mohammad Tariq and Wei, Pei-Kuen and Cheng, Ji-Yen and Chang, Yia-Chung},
	month = may,
	year = {2012},
	pages = {899}
}





@article{barrera1991optical,
author = {Barrera, R G and del Castillo-Mussot, M. and Monsivais, G. and Villase {\~{n}}or, P. and Moch{\'{a}}n, W L},
doi = {10.1103/PhysRevB.43.13819},
file = {:home/jonathan/Dropbox/Escuela/3.- Tesis/Biblio{\_}teo/Articulos/Dipolar Model 2D/(DLM) Dipolar Limit Model.pdf:pdf},
journal = {Phys. Rev. B},
mendeley-groups = {Bachelor Thesis/Dipolar Model},
number = {17},
pages = {13819--13826},
title = {{Optical properties of two-dimensional disordered systems on a substrate}},
volume = {43},
year = {1991}
}


@article{reyes2018analytical,
author = {Reyes-Coronado, Alejandro and Morales-Luna, Gesuri and V{\'{a}}zquez-Estrada, Omar and Garc{\'{i}}a-Valenzuela, Augusto and Barrera, Rub{\'{e}}n G.},
doi = {10.1364/OE.26.012660},
file = {:home/jonathan/Dropbox/Escuela/3.- Tesis/Biblio{\_}teo/Articulos/CSM/2-Manuscript generated by PRISM system - 314380.pdf:pdf},
issn = {10944087},
journal = {Optics Express},
mendeley-groups = {Bachelor Thesis,Bachelor Thesis/CSM,Bachelor Thesis/Dipolar Model},
pages = {6697--6706},
title = {{Analytical modeling of optical reflectivity of random plasmonic nano-monolayers}},
volume = {9594},
year = {2018}
}


@article{garcia2012multiple,
  title={Multiple-scattering model for the coherent reflection and transmission of light from a disordered monolayer of particles},
  author={Garc{\'{i}}a-Valenzuela, Augusto and Guti{\'{e}}rrez-Reyes, Edah{\'{i}} and Barrera, Rub{\'{e}}n G},
  journal={JOSA A},
  volume={29},
  number={6},
  pages={1161--1179},
  year={2012},
  publisher={Optical Society of America}
}

@article{pena-gomar2006coherent,
author = {Pe{\~{n}}a-Gomar, Mary Carmen and Castillo, Francisco and Garc{\'{i}}a-Valenzuela, Augusto and Barrera, Rub{\'{e}}n G and P{\'{e}}rez, El{\'{i}}as},
doi = {10.1364/AO.45.000626},
issn = {0003-6935},
journal = {Applied optics},
pages = {626--632},
pmid = {16485672},
title = {{Coherent optical reflectance from a monolayer of large particles adsorbed on a glass surface.}},
volume = {45},
year = {2006}
}
