%---------------------------------------------------------- Bibliography


% ------------------- Optics books -------------------------
@manual{comsol_doc,
  title        = {COMSOL Documentation},
  author       = {{COMSOL Multiphysics\texttrademark{} Ver. 6.0}},
  organization = {{COMSOL AB}},
  address      = { Stockholm, Sweden.},
  year         = {2021},
  note         = {\url{https://doc.comsol.com/}}
}


@article{qiu_differential_2015,
	title = {Differential phase-detecting localized surface plasmon resonance sensor with self-assembly gold nano-islands},
	volume = {40},
	issn = {0146-9592, 1539-4794},
	url = {https://www.osapublishing.org/abstract.cfm?URI=ol-40-9-1924},
	doi = {10.1364/OL.40.001924},
	pages = {1924},
	number = {9},
	journaltitle = {Optics Letters},
	shortjournal = {Opt. Lett.},
	author = {Qiu, Guangyu and Ng, Siu Pang and Wu, Chi Man Lawrence},
	date = {2015-05-01}
}


@article{feuz_improving_2010,
	title = {Improving the Limit of Detection of Nanoscale Sensors by Directed Binding to High-Sensitivity Areas},
	volume = {4},
	issn = {1936-0851, 1936-086X},
	url = {https://pubs.acs.org/doi/10.1021/nn901457f},
	doi = {10.1021/nn901457f},
	pages = {2167--2177},
	number = {4},
	journaltitle = {{ACS} Nano},
	shortjournal = {{ACS} Nano},
	author = {Feuz, Laurent and Jönsson, Peter and Jonsson, Magnus P. and Höök, Fredrik},
	date = {2010-04-27}
}


@article{stockman_nanoplasmonics_2011,
	title = {Nanoplasmonics: The physics behind the applications},
	volume = {64},
	issn = {0031-9228, 1945-0699},
	url = {http://physicstoday.scitation.org/doi/10.1063/1.3554315},
	doi = {10.1063/1.3554315},
	shorttitle = {Nanoplasmonics},
	pages = {39--44},
	number = {2},
	journaltitle = {Physics Today},
	shortjournal = {Physics Today},
	author = {Stockman, Mark I.},
	date = {2011-02}
}


@article{gonzalez-alcalde_large_2020,
	title = {Large angle-independent structural colors based on all-dielectric random metasurfaces},
	volume = {475},
	issn = {00304018},
	url = {https://linkinghub.elsevier.com/retrieve/pii/S0030401820307069},
	doi = {10.1016/j.optcom.2020.126289},
	pages = {126289},
	journaltitle = {Optics Communications},
	shortjournal = {Optics Communications},
	author = {González-Alcalde, Alma K. and Reyes-Coronado, Alejandro},
	date = {2020-11}
}


@manual{comsol_wave,
  title        = {{Wave Optics Module User's Guide}},
	author       = {{COMSOL Multiphysics\texttrademark{} Ver. 6.0}},
  organization = {{COMSOL AB}},
  address      = { Stockholm, Sweden.},
  year         = {2021},
  note         = {\url{https://doc.comsol.com/5.4/doc/com.comsol.help.woptics/WaveOpticsModuleUsersGuide.pdf}}
}


@article{jain_noble_2008,
	title = {Noble Metals on the Nanoscale: Optical and Photothermal Properties and Some Applications in Imaging, Sensing, Biology, and Medicine},
	volume = {41},
	issn = {0001-4842, 1520-4898},
	url = {https://pubs.acs.org/doi/10.1021/ar7002804},
	doi = {10.1021/ar7002804},
	shorttitle = {Noble Metals on the Nanoscale},
	pages = {1578--1586},
	number = {12},
	journaltitle = {Accounts of Chemical Research},
	shortjournal = {Acc. Chem. Res.},
	author = {Jain, Prashant K. and Huang, Xiaohua and El-Sayed, Ivan H. and El-Sayed, Mostafa A.},
	date = {2008-12-16}
}

@book{novotny_principles_2011,
	location = {Cambridge},
	edition = {1},
	title = {Principles of nano-optics},
	isbn = {978-0-521-53988-3 978-0-521-83224-3},
	pagetotal = {539},
	publisher = {Cambridge Univ. Press},
	author = {Novotný, Lukáš and Hecht, Bert},
	date = {2011}
}


@article{khan_optical_2022,
	title = {Optical Sensing by Metamaterials and Metasurfaces: From Physics to Biomolecule Detection},
	volume = {10},
	issn = {2195-1071, 2195-1071},
	url = {https://onlinelibrary.wiley.com/doi/10.1002/adom.202200500},
	doi = {10.1002/adom.202200500},
	shorttitle = {Optical Sensing by Metamaterials and Metasurfaces},
	pages = {2200500},
	number = {18},
	journaltitle = {Advanced Optical Materials},
	shortjournal = {Advanced Optical Materials},
	author = {Khan, Sayed Ali and Khan, Noor Zamin and Xie, Yinong and Abbas, Muhammad Tahir and Rauf, Muhammad and Mehmood, Ikhtisham and Runowski, Marcin and Agathopoulos, Simeon and Zhu, Jinfeng},
	date = {2022-09}
}


@article{estevez_trends_2014,
	title = {Trends and challenges of refractometric nanoplasmonic biosensors: A review},
	volume = {806},
	issn = {00032670},
	url = {https://linkinghub.elsevier.com/retrieve/pii/S0003267013013913},
	doi = {10.1016/j.aca.2013.10.048},
	shorttitle = {Trends and challenges of refractometric nanoplasmonic biosensors},
	pages = {55--73},
	journaltitle = {Analytica Chimica Acta},
	shortjournal = {Analytica Chimica Acta},
	author = {Estevez, M.-Carmen and Otte, Marinus A. and Sepulveda, Borja and Lechuga, Laura M.},
	date = {2014-01}
}


@article{svedendahl_refractometric_2014,
	title = {Refractometric biosensing based on optical phase flips in sparse and short-range-ordered nanoplasmonic layers},
	volume = {3},
	issn = {2047-7538},
	url = {http://www.nature.com/articles/lsa2014101},
	doi = {10.1038/lsa.2014.101},
	pages = {e220--e220},
	number = {11},
	journaltitle = {Light: Science \& Applications},
	shortjournal = {Light Sci Appl},
	author = {Svedendahl, Mikael and Verre, Ruggero and Käll, Mikael},
	date = {2014-11}
}



@article{chen_review_2016,
	title = {A review of metasurfaces: physics and applications},
	volume = {79},
	issn = {0034-4885, 1361-6633},
	url = {https://iopscience.iop.org/article/10.1088/0034-4885/79/7/076401},
	doi = {10.1088/0034-4885/79/7/076401},
	shorttitle = {A review of metasurfaces},
	pages = {076401},
	number = {7},
	journaltitle = {Reports on Progress in Physics},
	shortjournal = {Rep. Prog. Phys.},
	author = {Chen, Hou-Tong and Taylor, Antoinette J and Yu, Nanfang},
	date = {2016-07-01}
}


@article{abdelraouf_recent_2022,
	title = {Recent Advances in Tunable Metasurfaces: Materials, Design, and Applications},
	volume = {16},
	issn = {1936-0851, 1936-086X},
	url = {https://pubs.acs.org/doi/10.1021/acsnano.2c04628},
	doi = {10.1021/acsnano.2c04628},
	shorttitle = {Recent Advances in Tunable Metasurfaces},
	pages = {13339--13369},
	number = {9},
	journaltitle = {{ACS} Nano},
	shortjournal = {{ACS} Nano},
	author = {Abdelraouf, Omar A. M. and Wang, Ziyu and Liu, Hailong and Dong, Zhaogang and Wang, Qian and Ye, Ming and Wang, Xiao Renshaw and Wang, Qi Jie and Liu, Hong},
	date = {2022-09-27}
}


@article{kim_plasmonic_2019,
	title = {Plasmonic Photothermal Nanoparticles for Biomedical Applications},
	volume = {6},
	issn = {2198-3844, 2198-3844},
	url = {https://onlinelibrary.wiley.com/doi/10.1002/advs.201900471},
	doi = {10.1002/advs.201900471},
	pages = {1900471},
	number = {17},
	journaltitle = {Advanced Science},
	shortjournal = {Adv. Sci.},
	author = {Kim, Minho and Lee, Jung‐Hoon and Nam, Jwa‐Min},
	urldate = {2022-10-27},	date = {2019-09}
}



@article{anyutin_algorithm_2019,
	title = {Algorithm for Transforming Antenna Electromagnetic Near-Field Measured on Spherical Surface into Far-Field Based on Direct Calculation of {S}tratton and {C}hu Formulas},
	volume = {62},
	issn = {0735-2727, 1934-8061},
	url = {http://link.springer.com/10.3103/S0735272719030026},
	doi = {10.3103/S0735272719030026},
	pages = {109--118},
	number = {3},
	journaltitle = {Radioelectronics and Communications Systems},
	shortjournal = {Radioelectron.Commun.Syst.},
	author = {Anyutin, N. V. and Kurbatov, K. I. and Malay, I. M. and Ozerov, M. A.},
	date = {2019-03}
}

@article{stratton_diffraction_1939,
	title = {Diffraction Theory of Electromagnetic Waves},
	volume = {56},
	issn = {0031-899X},
	url = {https://link.aps.org/doi/10.1103/PhysRev.56.99},
	doi = {10.1103/PhysRev.56.99},
	pages = {99--107},
	number = {1},
	journaltitle = {Physical Review},
	shortjournal = {Phys. Rev.},
	author = {Stratton, J. A. and Chu, L. J.},
	date = {1939-07-01}
}


@book{hulst_light_1981,
	location = {New York},
	title = {Light scattering by small particles},
	isbn = {978-0-486-64228-4},
	pagetotal = {470},
	publisher = {Dover Publications},
	author = {Hulst, H. C. van de},
	date = {1981},
	keywords = {Light, Scattering}
	}


  @book{bedeaux_optical_2004,
  	location = {London},
  	edition = {2},
  	title = {Optical properties of surfaces},
  	isbn = {978-1-86094-450-5},
  	pagetotal = {450},
  	publisher = {Imperial College Press},
  	author = {Bedeaux, Dick and Vlieger, Jan},
  	date = {2004}
  }

@book{sihvola_electromagnetic_2008,
	title = {Electromagnetic Mixing Formulas and Applications},
	isbn = {978-0-85296-772-0},
	series = {Electronic Waves},
	publisher = {The Institution of Engineering and Technology},
	author = {Sihvola, Ari},
	date = {2008}
}

@book{abramowitz_handbook_2013,
	location = {New York, {NY}},
	edition = {9},
	title = {Handbook of mathematical functions: with formulas, graphs, and mathematical tables},
	isbn = {978-0-486-61272-0},
	shorttitle = {Handbook of mathematical functions},
	pagetotal = {1046},
	publisher = {Dover},
	author = {Abramowitz, Milton and Stegun, Irene A.},
	date = {2013}
	}

@article{berenger_perfectly_1994,
	title = {A perfectly matched layer for the absorption of electromagnetic waves},
	volume = {114},
	issn = {00219991},
	url = {https://linkinghub.elsevier.com/retrieve/pii/S0021999184711594},
	doi = {10.1006/jcph.1994.1159},
	pages = {185--200},
	number = {2},
	journaltitle = {Journal of Computational Physics},
	shortjournal = {Journal of Computational Physics},
	author = {Berenger, Jean-Pierre},
	urldate = {2022-06-02},
	date = {1994-10}
}

@article{chew_complex_1997,
	title = {Complex coordinate stretching as a generalized absorbing boundary condition},
	volume = {15},
	issn = {0895-2477, 1098-2760},
	url = {https://onlinelibrary.wiley.com/doi/10.1002/(SICI)1098-2760(19970820)15:6<363::AID-MOP8>3.0.CO;2-C},
	doi = {10.1002/(SICI)1098-2760(19970820)15:6<363::AID-MOP8>3.0.CO;2-C},
	pages = {363--369},
	number = {6},
	journaltitle = {Microwave and Optical Technology Letters},
	shortjournal = {Microw. Opt. Technol. Lett.},
	author = {Chew, W. C. and Jin, J. M. and Michielssen, E.},
	date = {1997-08-20},
}

@article{schot_eighty_1992,
	title = {Eighty years of {S}ommerfeld's radiation condition},
	volume = {19},
	issn = {03150860},
	url = {https://linkinghub.elsevier.com/retrieve/pii/031508609290004U},
	doi = {10.1016/0315-0860(92)90004-U},
	pages = {385--401},
	number = {4},
	journaltitle = {Historia Mathematica},
	shortjournal = {Historia Mathematica},
	author = {Schot, Steven H},
	date = {1992-11},
}

@book{colton_inverse_2019,
	address = {Cham},
	series = {Applied {Mathematical} {Sciences}},
	title = {Inverse {Acoustic} and {Electromagnetic} {Scattering} {Theory}},
	volume = {93},
	isbn = {978-3-030-30350-1 978-3-030-30351-8},
	url = {http://link.springer.com/10.1007/978-3-030-30351-8},
	publisher = {Springer International Publishing},
	author = {Colton, David and Kress, Rainer},
	year = {2019},
	doi = {10.1007/978-3-030-30351-8}
}



@book{silver_microwave_1984,
	title = {Microwave Antenna Theory and Design},
	isbn = {978-0-86341-017-8},
	pagetotal = {640},
	publisher = {The Institution of Engineering and Technology},
	author = {Silver, Samuel},
	date = {1984},
}


@article{bergot_generation_2010,
	title = {Generation of higher-order polynomial basis of {Nédélec} {H}(curl) finite elements for {Maxwell}’s equations},
	volume = {234},
	issn = {03770427},
	url = {https://linkinghub.elsevier.com/retrieve/pii/S0377042709005226},
	doi = {10.1016/j.cam.2009.08.044},
	number = {6},
	journal = {Journal of Computational and Applied Mathematics},
	author = {Bergot, M. and Lacoste, P.},
	month = jul,
	year = {2010},
	pages = {1937--1944}
}

@book{bondeson_computational_2005,
	address = {New York, N.Y},
	title = {Computational electromagnetics},
	isbn = {978-0-387-26158-4 978-0-387-26160-7},
	publisher = {Springer},
	author = {Bondeson, A. and Rylander, Thomas and Ingelstr\"{o}m, P\"{a}r},
	year = {2005},
}


@book{hecht1998optics,
  title={Optics},
  author={Hecht, Eugene},
  publisher={Addison Wesley},
  year={1998},
  edition={4}
}


@article{qiu_dual_2020,
	title = {Dual-Functional Plasmonic Photothermal Biosensors for Highly Accurate Severe Acute Respiratory Syndrome Coronavirus 2 Detection},
	volume = {14},
	issn = {1936-0851, 1936-086X},
	url = {https://pubs.acs.org/doi/10.1021/acsnano.0c02439},
	doi = {10.1021/acsnano.0c02439},
	pages = {5268--5277},
	number = {5},
	journaltitle = {{ACS} Nano},
	shortjournal = {{ACS} Nano},
	author = {Qiu, Guangyu and Gai, Zhibo and Tao, Yile and Schmitt, Jean and Kullak-Ublick, Gerd A. and Wang, Jing},
	date = {2020-05-26},
}


@book{griffiths2013electrodynamics,
  title={Introduction to electrodynamics},
  author={Griffiths, David Jeffrey},
  year={2013},
  edition={4},
  publisher={Pearson}
}

@book{bohren_absorption_1983,
	edition = {1},
	series = {Wiley {Science} {Paperbak} {Series}},
	title = {Absorption and {Scattering} of {Light} by {Small} {Particles}},
	isbn = {0-471-029340-7},
	publisher = {John Wiley \& Sons},
	author = {Bohren, Craig F and Huffman, Donald R},
	year = {1983}
}


@article{oates_characterization_2011,
	title = {Characterization of plasmonic effects in thin films and metamaterials using spectroscopic ellipsometry},
	volume = {86},
	issn = {00796816},
	url = {https://linkinghub.elsevier.com/retrieve/pii/S0079681611000359},
	doi = {10.1016/j.progsurf.2011.08.004},
	pages = {328--376},
	number = {11},
	journaltitle = {Progress in Surface Science},
	shortjournal = {Progress in Surface Science},
	author = {Oates, T.W.H. and Wormeester, H. and Arwin, H.},
	date = {2011-12}
}


@book{tsang_scattering_2000,
	address = {New York, USA},
	title = {Scattering of {Electromagnetic} {Waves}: {Theories} and {Applications}},
	isbn = {978-0-471-22428-0 978-0-471-38799-2},
	shorttitle = {Scattering of {Electromagnetic} {Waves}},
	url = {http://doi.wiley.com/10.1002/0471224286},
	publisher = {John Wiley \& Sons, Inc.},
	author = {Tsang, Leung and Kong, Jin Au and Ding, Kung-Hau},
	month = jul,
	year = {2000},
	doi = {10.1002/0471224286}
}

@book{born_max_principle_1999,
  	address = {New York, USA},
  	edition = {7},
  	title = {Principle of {Optics}: {Electromagnetic} {Theory} of {Propagation}, {Intergerence} and {Diffraction} of {Light}},
  	isbn = {0-521-64222-1},
  	publisher = {Cambridge University Press},
  	author = {Born, Max and Emil, Wolf},
    year = {1999}
}

@book{jackson_classical_1999,
	address = {New York},
	edition = {3},
	title = {Classical electrodynamics},
	isbn = {978-0-471-30932-1},
	publisher = {Wiley},
	author = {Jackson, John David},
	year = {1999},
	keywords = {Electrodynamics}
}


@book{zangwill_modern_2013,
	address = {Cambridge},
	title = {Modern {E}lectrodynamics},
	isbn = {978-0-521-89697-9},
	publisher = {Cambridge University Press},
	author = {Zangwill, Andrew},
	year = {2013}
}


@book{stratton_electromagnetic_2012,
	address = {New York},
	title = {Electromagnetic theory},
	isbn = {978-1-4437-3054-9},
	publisher = {McGraw-Hill},
	author = {Stratton, Julius Adams},
	year = {2012},
	url = {https://archive.org/details/electromagnetict0000stra},
}


@book{ibach_solid-state_2009,
	address = {Berlin, Heidelberg},
	title = {Solid-{State} {Physics}},
	isbn = {978-3-540-93803-3 978-3-540-93804-0},
	url = {http://link.springer.com/10.1007/978-3-540-93804-0},
	publisher = {Springer Berlin Heidelberg},
	author = {Ibach, Harald and L\"{u}th, Hans},
	year = {2009},
	doi = {10.1007/978-3-540-93804-0}
}


@article{kabashin_plasmonic_2009,
	title = {Plasmonic nanorod metamaterials for biosensing},
	volume = {8},
	issn = {1476-1122, 1476-4660},
	url = {http://www.nature.com/articles/nmat2546},
	doi = {10.1038/nmat2546},
	pages = {867--871},
	number = {11},
	journaltitle = {Nature Materials},
	shortjournal = {Nature Mater},
	author = {Kabashin, A. V. and Evans, P. and Pastkovsky, S. and Hendren, W. and Wurtz, G. A. and Atkinson, R. and Pollard, R. and Podolskiy, V. A. and Zayats, A. V.},
	date = {2009-11}
}


@book{jin_theory_2010,
	title = {Theory and {Computation} of {Electromagnetic} {Fields}},
	publisher = {Wiley \& Sons},
	author = {Jin, Jian-Ming},
	year = {2010},
  isbn = {978-0-470-53359-8}
  }


% ------------------- Optics books -------------------------

% -------------------- VSH ------------------------------

@article{barrera_vector_1985,
	title = {Vector spherical harmonics and their application to magnetostatics},
	volume = {6},
	issn = {0143-0807, 1361-6404},
	url = {https://iopscience.iop.org/article/10.1088/0143-0807/6/4/014},
	doi = {10.1088/0143-0807/6/4/014},
	number = {4},
	journal = {European Journal of Physics},
	author = {Barrera, R G and Estevez, G A and Giraldo, J. },
	month = oct,
	year = {1985},
	pages = {287--294}
}


% -------------------- VSH ------------------------------

% ------------------- Optical Theorem -------------------------------
@article{pellarin_forward_2019,
	title = {Forward and {Backward} {Extinction} {Measurements} on a {Single} {Supported} {Nanoparticle}: {Implications} of the {Generalized} {Optical} {Theorem}},
	volume = {123},
	issn = {1932-7447, 1932-7455},
	shorttitle = {Forward and {Backward} {Extinction} {Measurements} on a {Single} {Supported} {Nanoparticle}},
	url = {https://pubs.acs.org/doi/10.1021/acs.jpcc.9b03245},
	doi = {10.1021/acs.jpcc.9b03245},
	number = {24},
	journal = {The Journal of Physical Chemistry C},
	author = {Pellarin, Michel and Bonnet, Christophe and Lermé, Jean and Perrier, Floriane and Laverdant, Julien and Lebeault, Marie-Ange and Hermelin, Sylvain and Hillenkamp, Matthias and Broyer, Michel and Cottancin, Emmanuel},
	month = jun,
	year = {2019},
	pages = {15217--15229}
}

@article{newton_optical_1976,
	title = {Optical theorem and beyond},
	volume = {44},
	issn = {0002-9505, 1943-2909},
	url = {http://aapt.scitation.org/doi/10.1119/1.10324},
	doi = {10.1119/1.10324},
	number = {7},
	journal = {American Journal of Physics},
	author = {Newton, Roger G.},
	month = jul,
	year = {1976},
	pages = {639--642},
}


@article{krasavin_generalization_2018,
	title = {Generalization of the optical theorem: experimental proof for radially polarized beams},
	volume = {7},
	issn = {2047-7538},
	shorttitle = {Generalization of the optical theorem},
	url = {http://www.nature.com/articles/s41377-018-0025-x},
	doi = {10.1038/s41377-018-0025-x},
	number = {1},
	journal = {Light: Science \& Applications},
	author = {Krasavin, Alexey V. and Segovia, Paulina and Dubrovka, Rostyslav and Olivier, Nicolas and Wurtz, Gregory A. and Ginzburg, Pavel and Zayats, Anatoly V.},
	month = dec,
	year = {2018},
	pages = {36}
}


% ------------------- Optical Theorem -------------------------------

% -------------------- Math books ---------------------------------

@book{arfken_mathematical_2001,
	address = {San Diego},
	edition = {5},
	title = {Mathematical methods for physicists},
	isbn = {978-0-12-059825-0},
	publisher = {Harcourt/Academic Press},
	author = {Arfken, George B. and Weber, Hans-Jurgen},
	year = {2001}
}

% -------------------- Math books ---------------------------------


% ------------------- Sensors -------------------------------


@article{barrera1991optical,
author = {Barrera, R G and del Castillo-Mussot, M. and Monsivais, G. and Villaseor, P. and Moch{\'{a}}n, W L},
doi = {10.1103/PhysRevB.43.13819},
journal = {Phys. Rev. B},
number = {17},
pages = {13819--13826},
title = {{Optical properties of two-dimensional disordered systems on a substrate}},
volume = {43},
year = {1991}
}

@article{reyes2022enhancement,
  title={Enhancement of Light Absorption by Leaky Modes in a Random Plasmonic Metasurface},
  author={Reyes-Coronado, Alejandro and Pirruccio, Giuseppe and Gonz{\'a}lez-Alcalde, Alma K and Urrutia-Anguiano, Jonathan A and Polanco-Mendoza, Alejandro J and Morales-Luna, Gesuri and V{\'a}zquez-Estrada, Omar and Rodr{\'i}guez-G{\'o}mez, Arturo and Issa, Ali and Jradi, Safi and others},
  journal={The Journal of Physical Chemistry C},
  volume={126},
  number={6},
  doi ={https://doi.org/10.1021/acs.jpcc.1c08325},
  pages={3163--3170},
  year={2022},
  publisher={ACS Publications}
}

@article{reyes2018analytical,
author = {Reyes-Coronado, Alejandro and Morales-Luna, Gesuri and V{\'{a}}zquez-Estrada, Omar and Garc{\'{i}}a-Valenzuela, Augusto and Barrera, Rub{\'{e}}n G.},
doi = {10.1364/OE.26.012660},
issn = {10944087},
journal = {Optics Express},
pages = {6697--6706},
doi = {https://doi.org/10.1364/OE.26.012660},
title = {{Analytical modeling of optical reflectivity of random plasmonic nano-monolayers}},
volume = {9594},
year = {2018}
}


@article{moirangthem_enhanced_2012,
	title = {Enhanced localized plasmonic detections using partially-embedded gold nanoparticles and ellipsometric measurements},
	volume = {3},
	issn = {2156-7085, 2156-7085},
	url = {https://www.osapublishing.org/boe/abstract.cfm?uri=boe-3-5-899},
	doi = {10.1364/BOE.3.000899},
	pages = {899},
	number = {5},
	journaltitle = {Biomedical Optics Express},
	shortjournal = {Biomed. Opt. Express},
	author = {Moirangthem, Rakesh Singh and Yaseen, Mohammad Tariq and Wei, Pei-Kuen and Cheng, Ji-Yen and Chang, Yia-Chung},
	date = {2012-05-01}
}

@article{meng_anisotropic_2015,
	title = {Anisotropic surroundings effects on photo absorption of partially embedded Au nanospheroids in silica glass substrate},
	volume = {5},
	issn = {2158-3226},
	url = {http://aip.scitation.org/doi/10.1063/1.4908010},
	doi = {10.1063/1.4908010},
	pages = {027112},
	number = {2},
	journaltitle = {{AIP} Adv},
	shortjournal = {{AIP} Advances},
	author = {Meng, Xuan and Shibayama, Tamaki and Yu, Ruixuan and Ishioka, Junya and Watanabe, Seiichi},
	date = {2015-02}
}


@article{garcia2012multiple,
  title={Multiple-scattering model for the coherent reflection and transmission of light from a disordered monolayer of particles},
  author={Garc{\'{i}}a-Valenzuela, Augusto and Guti{\'{e}}rrez-Reyes, Edah{\'{i}} and Barrera, Rub{\'{e}}n G},
  journal={JOSA A},
  volume={29},
  number={6},
  pages={1161--1179},
  year={2012},
  doi = {https://doi.org/10.1364/JOSAA.29.001161},
  publisher={Optical Society of America}
}

@article{pena-gomar2006coherent,
author = {Pe{\~{n}}a-Gomar, Mary Carmen and Castillo, Francisco and Garc{\'{i}}a-Valenzuela, Augusto and Barrera, Rub{\'{e}}n G and P{\'{e}}rez, El{\'{i}}as},
doi = {10.1364/AO.45.000626},
issn = {0003-6935},
journal = {Applied optics},
pages = {626--632},
pmid = {16485672},
title = {{Coherent optical reflectance from a monolayer of large particles adsorbed on a glass surface.}},
volume = {45},
year = {2006}
}

@article{noguez_surface_2007,
	title = {Surface {Plasmons} on {Metal} {Nanoparticles}: {The} {Influence} of {Shape} and {Physical} {Environment}},
	volume = {111},
	issn = {1932-7447, 1932-7455},
	shorttitle = {Surface {Plasmons} on {Metal} {Nanoparticles}},
	url = {https://pubs.acs.org/doi/10.1021/jp066539m},
	doi = {10.1021/jp066539m},
	number = {10},
	journal = {The Journal of Physical Chemistry C},
	author = {Noguez, Cecilia},
	year = {2007},
	pages = {3806--3819}
}


@article{mendoza_herrera_determination_2014,
	title = {Determination of plasma frequency, damping constant, and size distribution from the complex dielectric function of noble metal nanoparticles},
	volume = {116},
	issn = {0021-8979, 1089-7550},
	url = {http://aip.scitation.org/doi/10.1063/1.4904349},
	doi = {10.1063/1.4904349},
	number = {23},
	journal = {Journal of Applied Physics},
	author = {Mendoza Herrera, Luis J. and Arboleda, David Muñetón and Schinca, Daniel C. and Scaffardi, Lucía B.},
	year = {2014},
	pages = {233105}
}


@article{johnson_optical_1972,
	title = {Optical {Constants} of the {Noble} {Metals}},
	volume = {6},
	issn = {0556-2805},
	url = {https://link.aps.org/doi/10.1103/PhysRevB.6.4370},
	doi = {10.1103/PhysRevB.6.4370},
	number = {12},
	journal = {Physical Review B},
	author = {Johnson, P. B. and Christy, R. W.},
	year = {1972},
	pages = {4370--4379}
}


@article{horvath_gustav_2009,
	title = {Gustav {Mie} and the scattering and absorption of light by particles: {Historic} developments and basics},
	volume = {110},
	issn = {00224073},
	shorttitle = {Gustav {Mie} and the scattering and absorption of light by particles},
	url = {https://linkinghub.elsevier.com/retrieve/pii/S0022407309000715},
	doi = {10.1016/j.jqsrt.2009.02.022},
	number = {11},
	journal = {Journal of Quantitative Spectroscopy and Radiative Transfer},
	author = {Horvath, Helmuth},
	month = jul,
	year = {2009},
	note = {Number: 11},
	pages = {787--799}
}


@article{mie_beitrage_1908,
	title = {Beiträge zur {Optik} trüber {Medien}, speziell kolloidaler {Metallösungen}},
	volume = {330},
	issn = {00033804, 15213889},
	url = {http://doi.wiley.com/10.1002/andp.19083300302},
	doi = {10.1002/andp.19083300302},
	number = {3},
	journal = {Annalen der Physik},
	author = {Mie, Gustav},
	year = {1908},
	note = {Number: 3},
	pages = {377--445}
}


@mastersthesis{maciel_escudero_linear_2017,
	address = {Mexico City, Mexico},
	title = {Linear {Momentum} {Transfer} from {Swift} {Electrons} to {Small} {Metallic} {Nanoparticles}: {Dipole} {Approximation}},
	school = {UNAM},
	author = {Maciel Escudero, Carlos},
	year = {2017},
}


@book{dhatt_finite_2012,
	address = {London : Hoboken, N.J},
	series = {Numerical methods series},
	title = {Finite element method},
	isbn = {978-1-84821-368-5},
	publisher = {ISTE ; Wiley},
	author = {Dhatt, Gouri and Touzot, Gilbert and Lefrançois, Emmanuel},
	year = {2012},
}



@book{fletcher_computational_1984,
	address = {Berlin, Heidelberg},
	title = {Computational {Galerkin} {Methods}},
	isbn = {978-3-642-85951-9 978-3-642-85949-6},
	url = {http://link.springer.com/10.1007/978-3-642-85949-6},
	publisher = {Springer Berlin Heidelberg},
	author = {Fletcher, C. A. J.},
	year = {1984},
	doi = {10.1007/978-3-642-85949-6}
	}


@book{larson_finite_2013,
	address = {Berlin, Heidelberg},
	series = {Texts in {Computational} {Science} and {Engineering}},
	title = {The {Finite} {Element} {Method}: {Theory}, {Implementation}, and {Applications}},
	volume = {10},
	isbn = {978-3-642-33286-9 978-3-642-33287-6},
	shorttitle = {The {Finite} {Element} {Method}},
	publisher = {Springer Berlin Heidelberg},
	author = {Larson, Mats G. and Bengzon, Fredrik},
	year = {2013},
	doi = {10.1007/978-3-642-33287-6},
}
